<record><leader>00000cas a22000007a 4500</leader><controlfield tag="001">13878603</controlfield><controlfield tag="008">860716d18391uuupauwr ne      0    0eng d</controlfield><datafield ind1=" " ind2=" " tag="010"><subfield code="a">sn 86077193 </subfield></datafield><datafield ind1=" " ind2=" " tag="040"><subfield code="a">NPA</subfield><subfield code="b">eng</subfield><subfield code="c">NPA</subfield><subfield code="d">OCLCQ</subfield></datafield><datafield ind1=" " ind2=" " tag="042"><subfield code="a">msc</subfield></datafield><datafield ind1="0" ind2="0" tag="245"><subfield code="a">Pennsylvania courant.</subfield></datafield><datafield ind1=" " ind2=" " tag="260"><subfield code="a">Columbia, Pa. :</subfield><subfield code="b">Montgomery &amp; Beatty,</subfield><subfield code="c">1839-</subfield></datafield><datafield ind1=" " ind2=" " tag="300"><subfield code="a">v. ;</subfield><subfield code="c">60 cm.</subfield></datafield><datafield ind1=" " ind2=" " tag="310"><subfield code="a">Weekly</subfield></datafield><datafield ind1="0" ind2=" " tag="362"><subfield code="a">Vol. 2, no. 11 (Sept. 25, 1839)-</subfield></datafield><datafield ind1=" " ind2=" " tag="580"><subfield code="a">Continued by: Weekly courant (Columbia, Pa.). Cf. Gregory, W. Amer. newspapers.</subfield></datafield><datafield ind1=" " ind2=" " tag="752"><subfield code="a">United States</subfield><subfield code="b">Pennsylvania</subfield><subfield code="c">Lancaster</subfield><subfield code="d">Columbia.</subfield></datafield><datafield ind1="0" ind2="0" tag="780"><subfield code="t">Pennsylvania courant and Columbia and Marietta advertiser</subfield><subfield code="w">(DLC)sn 85035992</subfield></datafield><datafield ind1="1" ind2="0" tag="785"><subfield code="t">Weekly courant (Columbia, Pa.)</subfield></datafield><datafield ind1="1" ind2=" " tag="029"><subfield code="a">AU@</subfield><subfield code="b">000025808008</subfield></datafield></record>